@article{giraldo1997lagrange,
  title={Lagrange--Galerkin methods on spherical geodesic grids},
  author={Giraldo, Francis X},
  journal={Journal of Computational Physics},
  volume={136},
  number={1},
  pages={197--213},
  year={1997},
  publisher={Elsevier}
}

@article{wessel1996global,
  title={A global, self-consistent, hierarchical, high-resolution shoreline database},
  author={Wessel, P{\aa}l and Smith, Walter HF},
  journal={Journal of Geophysical Research: Solid Earth},
  volume={101},
  number={B4},
  pages={8741--8743},
  year={1996},
  publisher={Wiley Online Library}
}

@article{geuzaine2009gmsh,
  title={Gmsh: A 3-D finite element mesh generator with built-in pre-and post-processing facilities},
  author={Geuzaine, Christophe and Remacle, Jean-Fran{\c{c}}ois},
  journal={International journal for numerical methods in engineering},
  volume={79},
  number={11},
  pages={1309--1331},
  year={2009},
  publisher={Wiley Online Library}
}

@web{kcools2020,
  title        = {CompScienceMeshes.jl},
  author       = {Kristof Cools},
  howpublished = {Github},
  year         = {2020},
  url={https://github.com/krcools/CompScienceMeshes.jl}
}

@article{legrand2006high,
  title={High-resolution, unstructured meshes for hydrodynamic models of the Great Barrier Reef, Australia},
  author={Legrand, S{\'e}bastien and Deleersnijder, Eric and Hanert, Emmanuel and Legat, Vincent and Wolanski, Eric},
  journal={Estuarine, coastal and shelf science},
  volume={68},
  number={1-2},
  pages={36--46},
  year={2006},
  publisher={Elsevier}
}

@article{amante2009etopo1,
  title={ETOPO1 1 Arc-Minute Global Relief Model: Procedures, Data Sources and Analysis. Memorandum NESDIS NGDC-24},
  author={Amante, C and Eakins, BW},
  journal={National Geophysical Data Center, NOAA},
  year={2009}
}
